\usepackage[style=mla,backend=biber]{biblatex}


\begin{filecontents}{bibliography.bib}


@video{ArgumentClinic,
    namea = {John Cleese},
    nameatype = {writer},
    title = {Argument Clinic},
    season = {1},
    number = {29},
    publisher = {BBC1},
    origdate = {1972-11-02}}

@video{DirecTv,
    Author = {Directv},
    title = {DirecTv Roadside Ditch Commercial},
    origdate = {2011/2012},
    url = {https://www.youtube.com/watch?v=kIv3m2gMgUU}}

@book{Sider,
    Author = {Sider, Theodore},
    Publisher = {Oxford University Press},
    Title = {Logic for Philosophy},
    Year = {2010}}

@book{Katha,
   Author = {Moggaliputtatissa},
   title = {Katha-vatthu},
   publisher = {Oxford University Press},
   date = {1915},
   translator = {Shwe Zan Aug and Rhys Davids}}

@artwork{demorganimage,
   author={Sophia Elizabeth DeMorgan},
   title={Picture of Augustus De Morgan, the mathematician},
   date={1882},
   note={Memoir of Augustus De Morgan}}

@artwork{turingimage,
   author={ Elliott and Fry},
   title={Portrait of Alan Mathison Turing},
   date={1951-09-03},
  institution={National Portrait Gallery},
  location={London}
  }

@online{kripkeimage,
  title={Saul Kripke},
  publisher={City University of New York},
  url={https://www.gc.cuny.edu/people/saul-kripke},
  entrysubtype = {website}
  }
  
@artwork{aristotleimage,
  author={Lysippos},
  title={Bust of Aristotle},
  date={0330},
  institution={Museo nazionale romano di palazzo Altemps},
  location={Rome, Italy}
  }
  
@artwork{tissaimage,
  author={unknown},
  title={Asoka and Moggaliputtatissa at the Third Council},
  date={0330},
  institution={Nava Jetavana Temple},
  location={Shravasti, Uttar Pradesh}
  }

@image{barcanimage,
  author={Michael Marsland},
  title={Ruth Barcan Marcus},
  date={2005-08-26},
  url={https://jwa.org/media/ruth-barcan-marcus}
  }

@online{barcan,
  title={Ruth Barcan Marcus},
  author={Tamar Szab\'{o} Gendler},
  date={2021-06-23},
  url={https://jwa.org/encyclopedia/article/marcus-ruth-barcan}
  }

@artwork{godelimage,
   author={unknown},
   title={Portrait of Kurt G\"{o}del},
   date={1925},
  institution={Princeton University Library, Manuscript Division, Department of Rare Books and Special Collections, Kurt G\"{o}del Papers},
  location={Princeton, NJ, USA}
  }

@artwork{chrysippusimage,
   author={unknown},
   title={ Portrait of Chrysippus of Soli},
   date={0200},
  institution={Louvre Museum, Department of Greek, Etruscan and Roman Antiquities},
  location={Paris, France}
  }
  
@book{chrysippus,
  author={Diogenes La\"{e}rtius},
   title={Lives of the Eminent Philosophers},
   publisher={Loeb Classical Library},
   date={1925},
   volume={2},
   translator={Robert Drew Hicks}
   }
   
   @online{sinaimage,
   author={Ali Kari},
   title={Avicenna (Ibn Sina)},
   date={1331},
   url={https://www.philosophybasics.com/philosophers_avicenna.html}
  }
  
@artwork{booleimage,
   author={unknown},
   title={George Boole, -1964; head and shoulders, facing left},
   date={1880},
  institution={Library of Congress},
  location={www.loc.gov/item/2007675556/}
  }

@incollection{boole,
  author={Burris, Stanley},
  title={George Boole},
  editor={Edward Zalta},
  booktitle={The {Stanford} Encyclopedia of Philosophy},
  howpublished =	{\url{https://plato.stanford.edu/archives/spr2022/entries/boole/}},
  year         =	{2022},
  edition      =	{{S}pring 2022},
  publisher    =	{Metaphysics Research Lab, Stanford University}
 }

@artwork{leibnizimage,
   author={Christoph Bernhard Francke},
   title={Bildnis des Philosophen Gottfried Wilhelm Freiherr von Leibniz},
   date={1695},
  institution={Herzog Anton Ulrich Museum},
  location={Braunschweig, Germany}
  }

@artwork{russellimage,
   author={unknown},
   title={Portrait of Bertrand Russell},
   date={1907},
  institution={McMaster University Library},
  location={William Ready Division of Archives and Research Collections}
  }

@artwork{ockhamimage,
   author={John Salmon},
   title={William of Ockham c. 1285-1345 Doctor Invincibilis},
   date={2014},
  institution={All Saints, Ockham},
  location={Surrey, Great Britain}
  }

@InCollection{ghazali,
	author       =	{Griffel, Frank},
	title        =	{{al-Ghazali}},
	booktitle    =	{The {Stanford} Encyclopedia of Philosophy},
	editor       =	{Edward N. Zalta},
	howpublished =	{\url{https://plato.stanford.edu/archives/sum2020/entries/al-ghazali/}},
	year         =	{2020},
	edition      =	{{S}ummer 2020},
	publisher    =	{Metaphysics Research Lab, Stanford University}
}

@artwork{ghazaliimage,
   author={unknown},
   title={Imam Ghazali},
  }


\end{filecontents} 
